<record xmlns="http://www.openarchives.org/OAI/2.0/" xmlns:xsi="http://www.w3.org/2001/XMLSchema-instance"><header><identifier>oai:alma.34CSIC_INST:990012232450204201</identifier><datestamp>2020-02-06T08:41:03Z</datestamp><setSpec>manuscripta</setSpec></header><metadata><record xmlns="http://www.loc.gov/MARC21/slim" xmlns:xsi="http://www.w3.org/2001/XMLSchema-instance" xsi:schemaLocation="http://www.loc.gov/MARC21/slim http://www.loc.gov/standards/marcxml/schema/MARC21slim.xsd"><leader>02150ntm a2200397 i 4500</leader><controlfield tag="005">20181031100339.0</controlfield><controlfield tag="008">100224s1914    xx            000 0 heb d</controlfield><controlfield tag="001">990012232450204201</controlfield><datafield tag="035" ind1=" " ind2=" "><subfield code="a">CSIC001223245</subfield></datafield><datafield tag="035" ind1=" " ind2=" "><subfield code="a">(ES-MaCSI)001223245MAD01-Aleph</subfield></datafield><datafield tag="035" ind1=" " ind2=" "><subfield code="a">(OCoLC)1124065485
</subfield></datafield><datafield tag="040" ind1=" " ind2=" "><subfield code="a">ES-MaCSI</subfield><subfield code="b">spa</subfield></datafield><datafield tag="080" ind1=" " ind2=" "><subfield code="a">091(=411.16)</subfield></datafield><datafield tag="080" ind1=" " ind2=" "><subfield code="a">398.4(=411.16)</subfield></datafield><datafield tag="245" ind1="1" ind2="0"><subfield code="a">[Amuleto y bendición con motivo del nacimiento de un niño]</subfield><subfield code="h">[Manuscrito]</subfield></datafield><datafield tag="260" ind1=" " ind2=" "><subfield code="a">[S.l.],</subfield><subfield code="c">1914.</subfield></datafield><datafield tag="300" ind1=" " ind2=" "><subfield code="a">1 f. (12 lín.) :</subfield><subfield code="b">il ;</subfield><subfield code="c">71 x 53 cm.</subfield></datafield><datafield tag="490" ind1="0" ind2=" "><subfield code="a">Manuscripta</subfield></datafield><datafield tag="500" ind1=" " ind2=" "><subfield code="a">Papel</subfield></datafield><datafield tag="500" ind1=" " ind2=" "><subfield code="a">Disp. especial, 12 lín. Bendición</subfield></datafield><datafield tag="500" ind1=" " ind2=" "><subfield code="a">Lugar de escritura: Yanina (Grecia)</subfield></datafield><datafield tag="500" ind1=" " ind2=" "><subfield code="a">Copista: Desconocido</subfield></datafield><datafield tag="500" ind1=" " ind2=" "><subfield code="a">Características especiales: cuerpo central con bendición en letra de mayor tamaño al resto, Salmo 67 dispuesto en forma de candelabro de 7 brazos en la parte inferior, datos del motivo de la realización del amuleto en cenefa en los márgenes.</subfield></datafield><datafield tag="500" ind1=" " ind2=" "><subfield code="a">1 pieza de papel</subfield></datafield><datafield tag="500" ind1=" " ind2=" "><subfield code="a">Decoración geométrica en forma de puerta con dos columnas, arco de medio punto y tejado, con las tablas de la ley y dos hamsas entre uno y otro. Decoración geométrica entre la puerta y cenefa exterior, candelabro de 7 brazos en la parte inferior. Todo en magenta amarillo y verde.</subfield></datafield><datafield tag="500" ind1=" " ind2=" "><subfield code="a">Buen estado de conservación</subfield></datafield><datafield tag="500" ind1=" " ind2=" "><subfield code="a">Signatura antigua: CVI-CF/108.8</subfield></datafield><datafield tag="500" ind1=" " ind2=" "><subfield code="a">Amuleto y bendición con motivo del nacimiento de Shemuel b. Kaleb Shemuel ha-Kohen, el 11 de nisan de 5674 (=1914).</subfield></datafield><datafield tag="541" ind1=" " ind2=" "><subfield code="a">Procedencia: Desconocida</subfield></datafield><datafield tag="546" ind1=" " ind2=" "><subfield code="a">Hebreo</subfield><subfield code="b">Escritura hebrea sefardí cuadrada</subfield></datafield><datafield tag="650" ind1="0" ind2="7"><subfield code="a">Amuletos (Judaísmo)</subfield><subfield code="2">CSICAU</subfield></datafield><datafield tag="650" ind1=" " ind2="7"><subfield code="a">Magia judía.</subfield><subfield code="2">CSICAU</subfield></datafield><datafield tag="650" ind1=" " ind2="7"><subfield code="a">Manuscritos hebreos.</subfield><subfield code="2">CSICAU</subfield></datafield><datafield tag="830" ind1=" " ind2="0"><subfield code="a">Manuscripta</subfield></datafield><datafield tag="856" ind1="4" ind2="1"><subfield code="u">http://aleph.csic.es/imagenes/mad01/0006_PMSC/P_001223245_642866_V00.pdf</subfield><subfield code="z">Descargar Pdf completo (945K)</subfield><subfield code="m">CSIC</subfield></datafield><datafield tag="856" ind1="4" ind2="1"><subfield code="u">http://simurg.bibliotecas.csic.es/viewer/image/CSIC001223245/1/</subfield><subfield code="z">Ver texto completo en SIMURG, el portal de fondos digitalizados del CSIC</subfield><subfield code="m">CSIC</subfield></datafield><datafield tag="856" ind1="4" ind2="1"><subfield code="u">http://aleph.csic.es/imagenes/mad01/0006_PMSC/html/001223245.html</subfield><subfield code="z">Ver texto completo en Bookreader</subfield></datafield></record></metadata></record>